{
    "IBM": {
      "companyOverview": {
        "Symbol": "IBM",
        "Name": "International Business Machines Corporation",
        "Description": "International Business Machines Corporation (IBM) is an American multinational technology company headquartered in Armonk, New York, with operations in over 170 countries. The company began in 1911 as the Computing-Tabulating-Recording Company (CTR) and was renamed International Business Machines in 1924. IBM produces and sells computer hardware, middleware and software, and provides hosting and consulting services in areas ranging from mainframe computers to nanotechnology. IBM is also a major research organization, holding the record for most annual U.S. patents generated by a business for 28 consecutive years. Inventions by IBM include the automated teller machine (ATM), the floppy disk, the hard disk drive, the magnetic stripe card, the relational database, the SQL programming language, the UPC barcode, and dynamic random-access memory (DRAM). The IBM mainframe, exemplified by the System/360, was the dominant computing platform during the 1960s and 1970s.",
        "Exchange": "NYSE",
        "Currency": "USD",
        "Country": "USA",
        "Sector": "Technology",
        "Industry": "Information Technology Services",
        "Address": "1 New Orchard Road, Armonk, NY, United States, 10504",
        "FullTimeEmployees": "345900",
        "FiscalYearEnd": "December",
        "LatestQuarter": "2023-06-30",
        "MarketCapitalization": "125745803000",
        "EBITDA": "17432000000",
        "PERatio": "19.51",
        "PEGRatio": "1.44",
        "BookValue": "23.74",
        "DividendPerShare": "6.63",
        "DividendYield": "0.0484",
        "EPS": "7.05",
        "RevenuePerShareTTM": "67.67",
        "ProfitMargin": "0.104",
        "OperatingMarginTTM": "0.144",
        "ReturnOnAssetsTTM": "0.0458",
        "ReturnOnEquityTTM": "0.303",
        "RevenueTTM": "61860000000",
        "GrossProfitTTM": "35328000000",
        "DilutedEPSTTM": "7.05",
        "QuarterlyEarningsGrowthYOY": "0.016",
        "QuarterlyRevenueGrowthYOY": "0.004",
        "AnalystTargetPrice": "141.13",
        "TrailingPE": "19.51",
        "ForwardPE": "16.76",
        "PriceToSalesRatioTTM": "2.033",
        "PriceToBookRatio": "5.79",
        "EVToRevenue": "2.788",
        "EVToEBITDA": "10.61",
        "Beta": "0.86",
        "52WeekHigh": "153.21",
        "52WeekLow": "115.54",
        "50DayMovingAverage": "137.7",
        "200DayMovingAverage": "144.57",
        "SharesOutstanding": "914178000",
        "DividendDate": "2023-09-09",
        "ExDividendDate": "2023-08-09"
      },
      "incomeStatement": {
        "annualReports": [
          {
            "fiscalDateEnding": "2015-12-31",
            "totalRevenue": "81741000000"
          },
          {
            "fiscalDateEnding": "2016-12-31",
            "totalRevenue": "79919000000"
          },
          {
            "fiscalDateEnding": "2017-12-31",
            "totalRevenue": "79139000000"
          },
          {
            "fiscalDateEnding": "2018-12-31",
            "totalRevenue": "79591000000"
          },
          {
            "fiscalDateEnding": "2019-12-31",
            "totalRevenue": "77147000000"
          },
          {
            "fiscalDateEnding": "2020-12-31",
            "totalRevenue": "73620000000"
          },
          {
            "fiscalDateEnding": "2021-12-31",
            "totalRevenue": "57351000000"
          },
          {
            "fiscalDateEnding": "2022-12-31",
            "totalRevenue": "60530000000"
          },
          {
            "fiscalDateEnding": "2023-12-31",
            "totalRevenue": "77241000000"
          },
          {
            "fiscalDateEnding": "2024-12-31",
            "totalRevenue": "80541000000"
          }
        ]
      }
    },
    "AAPL": {
      "companyOverview": {
        "Symbol": "AAPL",
        "Name": "Apple Inc",
        "Description": "Apple Inc. designs, manufactures, and markets smartphones, personal computers, tablets, wearables, and accessories worldwide. It also sells various related services. The company offers iPhone, a line of smartphones; Mac, a line of personal computers; iPad, a line of multi-purpose tablets; and wearables, home, and accessories comprising AirPods, Apple TV, Apple Watch, Beats products, HomePod, iPod touch, and other Apple-branded and third-party accessories. It also provides AppleCare support services; cloud services store services; and operates various platforms, including the App Store, that allow customers to discover and download applications and digital content, such as books, music, video, games, and podcasts.",
        "Exchange": "NASDAQ",
        "Currency": "USD",
        "Country": "USA",
        "Sector": "Technology",
        "Industry": "Consumer Electronics",
        "Address": "One Apple Park Way, Cupertino, CA, United States, 95014",
        "FullTimeEmployees": "164000",
        "FiscalYearEnd": "September",
        "LatestQuarter": "2023-06-30",
        "MarketCapitalization": "2783159924736",
        "EBITDA": "125868997632",
        "PERatio": "28.61",
        "PEGRatio": "2.79",
        "BookValue": "3.99",
        "DividendPerShare": "0.96",
        "DividendYield": "0.0053",
        "EPS": "6.14",
        "RevenuePerShareTTM": "24.49",
        "ProfitMargin": "0.252",
        "OperatingMarginTTM": "0.308",
        "ReturnOnAssetsTTM": "0.214",
        "ReturnOnEquityTTM": "1.457",
        "RevenueTTM": "383933004800",
        "GrossProfitTTM": "170782000000",
        "DilutedEPSTTM": "6.14",
        "QuarterlyEarningsGrowthYOY": "0.014",
        "QuarterlyRevenueGrowthYOY": "-0.013",
        "AnalystTargetPrice": "199.37",
        "TrailingPE": "28.61",
        "ForwardPE": "28.15",
        "PriceToSalesRatioTTM": "7.39",
        "PriceToBookRatio": "46.29",
        "EVToRevenue": "7.11",
        "EVToEBITDA": "22.39",
        "Beta": "1.29",
        "52WeekHigh": "199.62",
        "52WeekLow": "124.17",
        "50DayMovingAverage": "181.11",
        "200DayMovingAverage": "182.4",
        "SharesOutstanding": "15634199552",
        "DividendDate": "2023-08-17",
        "ExDividendDate": "2023-08-11"
      },
      "incomeStatement": {
        "annualReports": [
          {
            "fiscalDateEnding": "2015-09-30",
            "totalRevenue": "233715000000"
          },
          {
            "fiscalDateEnding": "2016-09-30",
            "totalRevenue": "215639000000"
          },
          {
            "fiscalDateEnding": "2017-09-30",
            "totalRevenue": "229234000000"
          },
          {
            "fiscalDateEnding": "2018-09-30",
            "totalRevenue": "265595000000"
          },
          {
            "fiscalDateEnding": "2019-09-30",
            "totalRevenue": "260174000000"
          },
          {
            "fiscalDateEnding": "2020-09-30",
            "totalRevenue": "274515000000"
          },
          {
            "fiscalDateEnding": "2021-09-30",
            "totalRevenue": "365817000000"
          },
          {
            "fiscalDateEnding": "2022-09-30",
            "totalRevenue": "394328000000"
          },
          {
            "fiscalDateEnding": "2023-09-30",
            "totalRevenue": "383285000000"
          },
          {
            "fiscalDateEnding": "2024-09-30",
            "totalRevenue": "386749000000"
          }
        ]
      }
    }
  }